<?xml version="1.0" encoding="UTF-8"?><collection xmlns="http://www.loc.gov/MARC21/slim"><record><leader>00595nam--2200181-u-4500</leader><controlfield tag="001">000053290</controlfield><controlfield tag="002">20161230</controlfield><controlfield tag="005">20161230201051</controlfield><controlfield tag="008">110119s1000------------r-----000-0-fre-d</controlfield><datafield ind1=" " ind2=" " tag="040"><subfield code="a">IFIN-HH</subfield></datafield><datafield ind1=" " ind2=" " tag="041"><subfield code="a">fre</subfield></datafield><datafield ind1=" " ind2=" " tag="080"><subfield code="a">015:535:621.375.826:778.4</subfield></datafield><datafield ind1="1" ind2=" " tag="100"><subfield code="a">Guy, Louis - Robert</subfield></datafield><datafield ind1="1" ind2="0" tag="245"><subfield code="a">Correlateur optique multicanaux en lumiere coherente; application a la detection d'un objet tridimensionnel</subfield><subfield code="b">These</subfield><subfield code="c">Louis - robert guy</subfield></datafield><datafield ind1=" " ind2=" " tag="260"><subfield code="a">Besancon</subfield><subfield code="b">Faculte Des Sciences De L'Universite De Besancon</subfield><subfield code="c">1971</subfield></datafield><datafield ind1=" " ind2=" " tag="300"><subfield code="a">/PAG. DIF.</subfield></datafield><datafield ind1=" " ind2=" " tag="852"><subfield code="a">38125</subfield><subfield code="c">535</subfield></datafield><datafield ind1=" " ind2=" " tag="CAT"><subfield code="a">Sys</subfield><subfield code="c">20110119</subfield><subfield code="h">145757</subfield></datafield></record></collection>